@book{howison,
  author    = {S. Howison}, 
  title     = {{Practical Applied Mathematics}},
  series	= {Cambridge Texts in Applied Mathematics},
  publisher = {Cambridge University Press},
  year      = {2005},
  ISBN		= {978-0-511-10987-4}
}

%%%%%%%%%%%%

@article{atkins2004,
  author	= {A. G. Atkins and X. Xu and G. Jeronimidis},
  journal	= {Journal of Materials Science},
  pages		= {2761--2766},
  publisher	= {Kluwer Academic Publishers},
  title		= {{Cutting, by `Pressing and Slicing', of Thin Floppy Slices of Materials Illustrated by Experiments on Cheddar Cheese and Salami}},
  volume	= {39},
  year		= {2004}
}

@article{atkins2005,
  author	= {A. G. Atkins and X. Xu},
  journal	= {International Journal of Mechanical Sciences},
  pages		= {479--492},
  publisher	= {Elsevier},
  title		= {{Slicing of Soft Flexible Solids with Industrial Applications}},
  volume	= {47},
  year		= {2005}
}

@article{fitt,
  author	= {A. D. Fitt and A. A. Lacey and P Wilmott},
  journal	= {Teaching Mathematics and its Applications},
  number	= {3},
  pages		= {122--126},
  publisher	= {The Institute of Mathematics and its Applications},
  title		= {{On the Optimum Hand Speed for Two-Blade Razor Shaving}},
  volume	= {10},
  year		= {1991}
}

@article{kolinko,
  author	= {V. Kolinko and C. M. Littler},
  journal	= {Lasers in Surgery and Medicine},
  pages		= {164--176},
  publisher	= {Wiley-Liss, Inc.},
  title		= {{Mathematical Modeling for the Prediciton and Optimization of Laser Hair Removal}},
  volume	= {26},
  year		= {2000}
}

@article{lynfield,
  author	= {Y. L. Lynfield and P. MacWilliams},
  journal	= {The Journal of Investigative Dermatology},
  number	= {3},
  title		= {{Shaving and Hair Growth}},
  volume	= {55},
  year		= {1970}
}

@article{trotter,
  author	= {M. Trotter},
  title		= {{Hair Growth and Shaving}},
  journal	= {The Anatomical Record},
  volume	= {37},
  number	= {4},
  pages		= {373--379},
  doi		= {10.1002/ar.1090370405},
  year		= {1928}
}

@article{zhou,
  author	= {D. Zhou and G. McMurray},
  journal	= {Modelling Simulation in Engineering},
  publisher	= {Hindawi Publishing Corporation},
  title		= {{Slicing Cuts on Food Materials Using Robotic-Controlled Razor Blade}},
  volume	= {2011},
  year		= {2011}
}

%%%%%%%%%%%%

@misc{gubenia,
  author	= {O. Gubenia and V. Guts},
  title		= {{Modeling of Cutting of Food Products}},
  year		= {2010}
}
