@article {debacco,
  author	= {C. De Bacco and D. B. Larremore and C. Moore},
  title		= {{A Physical Model for Efficient Ranking in Networks}},
  volume	= {4},
  number	= {7},
  year		= {2018},
  doi		= {10.1126/sciadv.aar8260},
  publisher	= {American Association for the Advancement of Science},
  URL		= {https://advances.sciencemag.org/content/4/7/eaar8260},
  journal	= {Science Advances}
}

@article{vanderkam,
  author	= {D. Vanderkam},
  title		= {{march-madness-data}},
  year		= {Last commit May 2019},
  publisher	= {GitHub},
  journal	= {GitHub Repository},
  note		= {\texttt{github.com/danvk/march-madness-data}}
}

@article{wirth,
  author	= {K. Wirth},
  title		= {{ncaahoopsscraper}},
  year		= {Last commit Jan 2020},
  publisher	= {GitHub},
  journal	= {GitHub Repository},
  note		= {\texttt{github.com/kurtawirth/ncaahoopsscraper}}
}