@article{eckart,
  author	= {C. Eckart and G. Young},
  journal	= {Psychometrika},
  number	= {3},
  pages		= {211--218},
  title		= {{The Approximation of One Matrix by Another of Lower Rank}},
  volume	= {1},
  month		= {Sept},
  year		= {1936}
}

