@misc{juliadoc,
  author	= {JuliaOpt},
  title		= {{KNITRO.jl Documentation}},
  year		= {2020},
  howpublished	= {Online},
  note		= {\path{juliaopt.org/KNITRO.jl/latest/}}
}

@article{juliaopt,
  author	= {JuliaOpt},
  title		= {{KNTIRO.jl}},
  year		= {Last commit February 2020},
  publisher	= {GitHub},
  journal	= {GitHub Repository},
  note		= {\path{github.com/JuliaOpt/KNITRO.jl}}
}

@misc{knitro,
  author	= {Artelys},
  title		= {{KNITRO}},
  year		= {2020},
  howpublished	= {Online},
  note		= {\path{artelys.com/solvers/knitro/}}
}