@book{howison,
  author    = {S. Howison}, 
  title     = {{Practical Applied Mathematics}},
  series	= {Cambridge Texts in Applied Mathematics},
  publisher = {Cambridge University Press},
  year      = {2005},
  ISBN		= {978-0-511-10987-4}
}

@article{anderson,
  author	= {D. Anderson and M. Desaix and M. Lisak and M. L. Quiroga--Teixeiro},
  journal	= {J. Opt. Soc. Am. B},
  number	= {8},
  pages		= {1358--1361},
  publisher	= {OSA},
  title		= {{Wave Breaking in Nonlinear-Optical Fibers}},
  volume	= {9},
  month		= {Aug},
  year		= {1992},
  doi		= {10.1364/JOSAB.9.001358}
}
