@article{aziz,
  doi		= {https://doi.org/10.1007/BF01396366},
  author	= {A. K. Aziz and M. Schneider and A. Werschulz},
  journal	= {Numerische Mathematik},
  pages		= {13--20},
  publisher	= {Springer},
  title		= {{A Finite Element Method for the Tricomi Problem}},
  volume	= {35},
  year		= {1980}
}

@article{trangenstein,
  URL		= {http://www.jstor.org/stable/2156683},
  author	= {J. A. Trangenstein},
  journal	= {SIAM Journal on Numerical Analysis},
  number	= {6},
  pages		= {1066--1077},
  publisher	= {Society for Industrial and Applied Mathematics},
  title		= {{A Finite Element Method for the Tricomi Problem in the Elliptic Region}},
  volume	= {14},
  year		= {1977}
}
