%Books
%%%%%%%%%%%%%%%%%%%%%%%%%%%%%%%%%%%%%%%%%%%%%%%%%%
@book{abramowitz,
  editor    = {M. Abramowitz and I. A. Stegun}, 
  title     = {Handbook of Mathematical Functions},
  publisher = {United States Government Publishing Office},
  year      = {1972},
  edition   = {10},
  ISBN		= {0-486-61272-4}
}

@book{gradshteyn,
  author    = {I. S. Gradshteyn and I. M. Ryzhik}, 
  title     = {Table of Integrals, Series, and Products},
  publisher = {Academic Press},
  year      = {2007},
  edition   = {7},
  ISBN		= {978-0-12-373637-6}
}

@book{zwillinger,
  author    = {D. Zwillinger}, 
  title     = {Handbook of Differential Equations},
  publisher = {Academic Press},
  year      = {1992},
  edition   = {2},
  ISBN		= {9781483263960}
}




